@manual{vars,
author={Pfaff, Bernhard},
title={VAR, SVAR and SVEC Models: Implementation Within R Package vars},
year={2018}
}

@book{MTS,
author={Tsay, Ruey S. and Wood, David},
title={Analysis of Financial Time Series},
publisher={Wiley-Science Interproduction},
year={2002}
}

@article{forecast,
author={Hyndman,  Rob, J. and Khandakar, Yeasmin},
journal={Journal of Statistic Software},
title={Automatic Time Series Forecasting: the forecast Package for R},
year={2008},
month={jul}
}

@manual{rapport,
author={Corbel, Jules and Guillotte, Paul},
title={Identification de modeles de series temporelles pour la prevision de la masse salariale en fonction d'informations auxiliaires},
year={2019}
}
