@manual{vars,
author={Pfaff, Bernhard},
title={VAR, SVAR and SVEC Models: Implementation Within R Package vars},
year={2018}
}

@book{MTS,
author={Tsay, Ruey S. and Wood, David},
title={Analysis of Financial Time Series},
publisher={Wiley-Science Interproduction},
year={2002}
}

@manual{Nicolas,
author={Devignes, Nicolas},
title={Prevision de la masse salariale en presence d’informations auxiliaires},
year={2018}
}

@article{forecast,
author={Hyndman,  Rob, J. and Khandakar, Yeasmin},
journal={Journal of Statistic Software},
title={Automatic Time Series Forecasting: the forecast Package for R},
year={2008},
month={jul}
}

@manual{varma,
author={Dufour, Jean-Marie and Pelletier, Denis},
title={Practical methods for modelling weak VARMA processes: Identification, estimation and specification with a macroeconomic application},
year={2005},
organization={Département de sciences économiques and CIREQ, Université de Montréal, Montréal, Canada}
}
